3134 5392
348 379 475 463 ‚2¹

319 583 323 587 ·
370 573 745 645 ‘temperare
808 552 968 619 mihi
1027 575 1156 618 non
1221 557 1435 641 potui;
1501 575 1883 642 persuasum
1957 538 2146 621 euius
2189 556 2432 635 habco,
2501 532 3004 641 simplicissimas

394 696 609 742 rerum
654 660 992 747 notiones,
1048 691 1209 754 quae
1267 674 1538 751 in=istis
1602 673 1969 763 nominibus
2014 678 2270 753 insunt,
2328 692 2409 749 ne
2465 676 2632 760 apud
2672 670 3007 735 Hebraeos

395 793 653 879 quidem
706 810 750 852 a
808 786 1020 851 verbis
1078 788 1395 871 originem
1464 793 1787 868 traxisse,
1855 812 2215 879 quanquam
2283 790 2631 856 nonnullos
2688 809 2853 852 nunc
2915 782 3003 848 aa

342 891 347 899 ⁵
403 909 785 973 existimare
829 907 984 970 scio.
1072 901 1159 966 ld
1190 904 1407 989 autem'
1443 906 1638 971 facile
1680 907 2024 985 tolerabis,
2065 911 2344 973 incertae
2387 910 2656 991 originis
2695 927 2830 969 voca
2833 902 3006 971 ibula

339 1090 347 1098 ,
402 1026 743 1114 primitivis
802 1022 1181 1106 interposita
1238 1044 1422 1117 esse,
1460 1005 1619 1093 cum
1664 1047 1874 1089 meum
1910 1044 2040 1091 non
2083 1040 2290 1104 esset,
2353 1047 2391 1089 e
2441 1022 2731 1111 pluribus
2787 1023 3008 1104 conje-

408 1144 606 1207 cturis
644 1158 826 1218 eam,
871 1159 1036 1226 quae
1079 1135 1237 1201 mihi
1279 1128 1583 1225 placeret,
1624 1145 1693 1206 in
1733 1142 1993 1208 lexicon
2043 1144 2386 1216 invehere;
2432 1139 2705 1225 singulis
2748 1159 2901 1201 vero
2941 1138 3011 1199 in

339 1287 344 1292 ·
408 1258 612 1348 lociS,
667 1255 779 1323 ubi
804 1255 982 1319 forte
1024 1253 1181 1318 talia
1210 1242 1537 1323 *vocabula
1577 1282 1882 1347 quaerere
1921 1264 2175 1348 possis,
2228 1244 2580 1343 relegatum
2621 1268 2684 1318 te
2718 1253 3016 1318 animad-

415 1388 628 1441 vertas
687 1374 770 1441 ad
821 1394 1003 1451 eum,
1064 1393 1190 1459 quo
1249 1395 1291 1435 a
1348 1395 1452 1440 me
1505 1375 1823 1454 collocata,
1879 1388 2048 1442 s'unt.
2092 1405 2181 1428 ,—
2237 1374 2503 1439 Deinde
2559 1372 2682 1437 hoc
2735 1374 2880 1456 egi,
2946 1379 3018 1431 ut

418 1489 824 1580 appellativis
896 1489 1229 1554 vocabulis
1292 1489 1409 1554 illa
1487 1484 1876 1576 adjicerem,
1946 1514 2109 1589 quae
2176 1476 2503 1559 hominum
2564 1490 3019 1576 oppidorumve

420 1622 607 1687 sunt,
666 1608 726 1671 si
769 1626 901 1671 non
935 1609 1153 1670 omnia
1176 1608 1211 1693 ᾖ(
1227 1610 1321 1672 sic
1359 1612 1526 1673 enim
1566 1609 1926 1699 chartarum
1970 1615 2241 1699 spatium
2279 1607 2655 1692 deficeret),
2703 1625 2784 1667 ea
2825 1595 3016 1677 certe,

424 1748 587 1813 quae
646 1722 753 1789 vel
809 1727 1092 1788 maxime
1131 1724 1613 1811 frequentantur
1651 1731 1718 1791 in
1754 1726 1841 1790 V.
1889 1726 1970 1792 T.
2010 1727 2196 1793 libris
2252 1724 2360 1790 vel
2394 1724 2699 1787 'homines
2753 1719 3014 1783 locoste

424 1837 895 1908 memorabiles
935 1841 1315 1925 designant;
1364 1866 1487 1928 qua
1527 1847 1596 1908 in
1634 1866 1705 1907 re
1744 1844 2109 1930 exemplum
2163 1843 2324 1909 mihi
2361 1841 2821 1905 Ercmrousms
2860 1857 3022 1924 par-

312 2008 347 2041 ..
422 1962 535 2027 tim
572 1936 950 2051 praeiverat.
989 1995 1072 2008 -
1144 1956 1297 2021 Tum
1358 1959 1517 2023 nihil
1570 1960 1781 2048 potius
1843 1961 2128 2047 nihilque
2182 1964 2361 2048 prius
2423 1957 2656 2035 habui,
2710 1974 2899 2042 quam
2955 1936 3080 2013 ut',

424 2098 652 2140 vocum
696 2073 1207 2159 significationes
1253 2077 1529 2162 naturali
1579 2080 1850 2164 quodam
1904 2080 2127 2143 ordine
2182 2084 2646 2162 componerem.
2731 2073 3035 2140 Exorsus

425 2177 596 2258 enim
643 2214 682 2254 a
720 2184 1198 2277 simplicissima
1240 2196 1430 2256 unius
1464 2197 1772 2279 cujusque
1812 2194 2111 2258 vocabuli
2141 2205 2455 2280 potestate
2495 2213 2631 2268 eaS,
2675 2210 2838 2275 quae
2878 2206 3033 2248 sen-

428 2314 550 2374 sim
597 2320 785 2375 natae
829 2310 1218 2388 viderentur,
1258 2311 1349 2373 ita
1391 2312 1620 2394 adjeci,
1665 2325 1734 2373 ut
1769 2315 1837 2375 in
1880 2334 2098 2375 earum
2140 2311 2564 2396 descriptione
2608 2329 2737 2370 non
2778 2303 3036 2383 latino-f

432 2450 576 2491 rum
636 2420 1015 2504 uerborum,
1088 2426 1319 2511 quibus
1377 2429 1870 2514 responderent,
1943 2431 2058 2495 sed
2112 2432 2395 2516 ipsarum
2435 2431 2800 2509 notionum,
2868 2440 3040 2506 quas

433 2547 887 2630 exprimerent,
956 2546 1275 2613 rationem
1313 2542 1635 2611 haberem.
1693 2545 1815 2609 -Ita
1856 2549 1914 2610 si
1948 2549 2090 2633 quis
2125 2547 2435 2609 accidisse
2474 2545 2661 2619 dicat,
2705 2518 3043 2606 ut'tironi-

430 2660 554 2725 bus
611 2661 826 2723 varias
883 2657 1155 2743 alicujus
1210 2664 1414 2724 vocis⁴
1446 2634 1955 2748 significationes
2010 2664 2459 2747 conquisituris
2515 2664 2725 2744 majus
2785 2656 3044 2743 passim

436 2766 818 2842 exhibeatur
861 2780 1229 2861 negotium,
1294 2800 1483 2864 quam
1533 2782 1594 2843 si
1645 2778 1939 2865 singulae
1995 2790 2388 2865 potestateS,
2448 2778 2586 2837 sine
2646 2775 3047 2848 discrimino,

439 2907 755 2979 angustae
803 2905 867 2956 et
904 2892 1036 2956 late
1064 2907 1411 2979 patente&
1468 2899 1763 2983 propriae
1802 2909 1865 2959 et
1923 2893 2307 2971 translatae,
2366 2893 2647 2954 numeris
2707 2873 3049 2966 adhibitis,

435 3000 833 3096 compositae
886 3024 1141 3088 essent,
1200 3009 1371 3076 haud
1429 3015 1721 3099 equidem
1777 3009 2184 3097 repugnabo:
2257 3031 2513 3085 verum,
2587 3011 2645 3070 si
2699 3007 3049 3069 utilitatem

439 3131 870 3216 spectaveriS,
936 3148 1100 3212 quae
1153 3128 1301 3191 inde
1359 3129 1440 3191 ad
1500 3132 1832 3213 notionum
1885 3126 2419 3192 necessitudinem
2479 3138 2540 3187 et
2591 3140 2879 3186 naturam
2925 3142 3044 3185 ac-

434 3248 715 3310 curatius
772 3241 1196 3329 subtiliusque
1240 3247 1748 3331 perspiciendam
1785 3245 1956 3308 haud
1999 3243 2189 3309 dubie
2228 3242 2625 3319 redundabit,
2662 3262 2816 3316 non,
2850 3249 3043 3325 putu,

435 3361 594 3426 mihi
636 3355 1085 3438 succensebis,
1139 3357 1311 3422 Ιιαησ
1352 3359 1753 3449 describendi
1791 3366 2128 3439 rationem,
2187 3385 2227 3425 a
2266 3360 2505 3424 latinae
2543 3361 2733 3422 etiam
2770 3355 3049 3439 linguae

432 3480 697 3570 ingenio
736 3473 1182 3553 difficiliorem,
1221 3476 1342 3554 illi,
1388 3458 1551 3563 q'uae
1588 3477 1784 3564 longe
1819 3479 2128 3543 facillima
2166 3493 2286 3557 est,
2311 3479 2731 3564 praeoptanti.
2817 3475 3040 3541 Porro
3097 3484 3102 3493 '

384 3590 395 3599 ’
437 3617 674 3681 magna
712 3593 958 3675 laboris
993 3614 1152 3679 pars
1187 3597 1403 3680 posita
1442 3597 1507 3657 in
1550 3617 1628 3658 eo
1665 3597 1807 3675 fuit,
1863 3609 1934 3660 ut
1966 3596 2415 3683 particularum
2457 3594 2880 3679 significatus,
2918 3595 3038 3687 qui

432 3710 701 3777 mirifice
752 3723 816 3772 et
859 3724 1114 3797 praeter
1173 3714 1433 3776 modum
1490 3717 1657 3776 aucti
1709 3717 1776 3777 in
1835 3719 2309 3801 contrariasque
2345 3736 2537 3798 saepe
2575 3724 2787 3798 partes
2829 3711 3032 3786 versi,

426 3833 623 3893 inuno
663 3829 903 3892 detorsi
941 3827 1212 3905 fuerant,
1258 3850 1388 3892 non
1420 3827 2116 3910 solum=deminuerem‚
2152 3834 2266 3896 sed
2307 3853 2393 3893 ex
2426 3850 2555 3892 uno
2586 3850 2806 3893 omnes
2844 3828 3030 3890 fonte

424 3958 799 4030 repeterem,
839 3965 964 4029 quo
1000 3958 1376 4030 appareret,
1422 3944 1759 4012 Hebraeos
1821 3970 1951 4012 non
1996 3962 2231 4011 temere
2270 3949 2414 4010 istis
2447 3945 2712 4010 vocibus
2757 3944 3030 4029 quasvis

418 4073 772 4147 potestates
798 4060 1189 4140 attribuisse,
1233 4064 1346 4127 sed
1382 4064 1503 4128 hoc
1532 4069 1723 4129 etiam
1755 4070 1823 4130 in
1848 4088 2083 4151 genere
2117 4063 2367 4129 sobrios
2398 4086 2543 4128 sese
2577 4084 2650 4124 ac
2678 4060 3036 4146 prudentes

426 4178 827 4241 exhibuisse.
912 4175 1081 4243 Nam
1142 4182 1267 4243 dici
1310 4184 1423 4245 vix
1463 4195 1710 4267 potest,
1775 4198 1926 4268 quot
1970 4202 2217 4246 errores
2259 4184 2523 4245 istorum
2560 4177 2776 4263 opinio
2815 4175 3036 4238 homi-

420 4316 613 4372 num,
646 4294 778 4378 qui
831 4298 899 4359 in
943 4296 1343 4383 explicandis
1400 4301 1735 4385 particulis
1774 4301 1951 4364 hebr.
2010 4302 2398 4363 effusissimo
2447 4294 2708 4359 arbitrio
2753 4307 3028 4357 uteren-

418 4426 553 4487 tur,
613 4415 680 4474 in
722 4414 1009 4496 ipsorum
1061 4413 1369 4480 librorum
1412 4417 1582 4495 div„
1635 4417 1718 4481 N.
1775 4421 1965 4482 etiam
2025 4417 2243 4495 Test.,
2285 4417 2863 4498 interpretationem
2904 4415 3024 4474 in·-

414 4530 668 4590 xexerit
698 4532 777 4607 ²⁸).
864 4530 1286 4611 Postremum,
1330 4538 1439 4620 qui
1486 4556 1525 4595 a
1555 4536 1906 4599 Smomsro
1951 4535 2132 4620 larga
2177 4556 2369 4598 manu
2410 4533 2709 4616 adscripti
2743 4533 3024 4607 fueraut,

418 4643 760 4743 verborum
820 4651 1273 4736 nominumque
1331 4652 1722 4732 declinatuS,
1786 4674 1900 4716 eos
1959 4654 2306 4716 maximam
2349 4663 2592 4737 partem
2631 4648 3024 4714 resecandos

484 4873 534 4939 ²¹²)
581 4893 641 4965 tr.
685 4871 827 4930 libr·
871 4890 898 4925 a
945 4892 1041 4928 me
1084 4873 1256 4934 edjt.:
1307 4896 1523 4954 exeget.
1573 4879 1833 4943 Studien,
1885 4877 2016 4937 Vol.
2057 4879 2118 4937 Ι,
2171 4898 2225 4951 p·
2253 4870 2501 4942 27-53,
